<record><leader>00000cas a22000007a 4500</leader><controlfield tag="001">13923859</controlfield><controlfield tag="008">860724d193019uutxuuu ne      0    0eng d</controlfield><datafield ind1=" " ind2=" " tag="010"><subfield code="a">sn 86088043 </subfield></datafield><datafield ind1=" " ind2=" " tag="040"><subfield code="a">PPM</subfield><subfield code="b">eng</subfield><subfield code="c">PPM</subfield><subfield code="d">OCLCQ</subfield></datafield><datafield ind1=" " ind2=" " tag="042"><subfield code="a">msc</subfield></datafield><datafield ind1="0" ind2="4" tag="245"><subfield code="a">The Plainview tribune.</subfield></datafield><datafield ind1=" " ind2=" " tag="260"><subfield code="a">Plainview, Tex. :</subfield><subfield code="b">[s.n.]</subfield></datafield><datafield ind1=" " ind2=" " tag="300"><subfield code="a">v. :</subfield><subfield code="b">ill. ;</subfield><subfield code="c">56 cm.</subfield></datafield><datafield ind1="1" ind2=" " tag="362"><subfield code="a">Began in 1930?</subfield></datafield><datafield ind1=" " ind2=" " tag="588"><subfield code="a">Description based on: 15th year, no. 52 (May 17, 1945).</subfield></datafield><datafield ind1=" " ind2=" " tag="752"><subfield code="a">United States</subfield><subfield code="b">Texas</subfield><subfield code="c">Hale</subfield><subfield code="d">Plainview.</subfield></datafield></record>